<record xmlns="http://www.loc.gov/MARC21/slim" xmlns:xsi="http://www.w3.org/2001/XMLSchema-instance" xsi:schemaLocation="http://www.loc.gov/MARC21/slim http://www.loc.gov/standards/marcxml/schema/MARC21slim.xsd"><leader>02132nam a2200325   4500</leader><controlfield tag="001">002977813</controlfield><controlfield tag="003">NNU</controlfield><controlfield tag="006">m        d        </controlfield><controlfield tag="007">cr cn |||m|||a</controlfield><controlfield tag="008">150116s1900    ua      o     000 0 ara d</controlfield><datafield ind1=" " ind2=" " tag="040"><subfield code="a">NNU</subfield><subfield code="b">eng</subfield><subfield code="c">NNU</subfield></datafield><datafield ind1=" " ind2=" " tag="066"><subfield code="c">(3</subfield></datafield><datafield ind1=" " ind2=" " tag="090"><subfield code="a">PJ6101.Z33</subfield><subfield code="b">I22 1900x</subfield></datafield><datafield ind1="1" ind2=" " tag="100"><subfield code="6">880-01</subfield><subfield code="a">Ibn Ya&#699;&#299;sh, Ya&#699;&#299;sh ibn &#699;Al&#299;,</subfield><subfield code="d">1158-1245</subfield></datafield><datafield ind1="1" ind2="0" tag="245"><subfield code="6">880-02</subfield><subfield code="a">Shar&#7717; al-mufa&#7779;&#7779;al</subfield><subfield code="h">[electronic resource] /</subfield><subfield code="c">li-Muwaffiq al-D&#299;n Ya&#699;&#299;sh Ibn &#699;Al&#299; ibn Ya&#699;&#299;sh al-Na&#7717;w&#299; ; &#699;uniyat bi-&#7789;ab&#699;ah wa-nashrah bi-amr al-mushaykhah Id&#257;rat al-&#7788;ib&#257;&#699;ah al-Mun&#299;r&#299;yah ; &#7779;a&#7717;&#7717;a&#7717;a wa-&#699;allaqa &#699;alayhi &#7717;aw&#257;sh&#299; naf&#299;sah ba&#699;d mur&#257;ja&#699;atahu &#699;al&#225; u&#7779;&#363;l kha&#7789;&#7789;&#299;yah bi-ma&#699;rifat mushaykat al-Azh&#257;r al-Ma&#699;m&#363;r.</subfield></datafield><datafield ind1=" " ind2=" " tag="260"><subfield code="6">880-03</subfield><subfield code="a">Mi&#7779;r :</subfield><subfield code="b">Id&#257;rat al-&#7788;ib&#257;&#699;ah al-Mun&#299;r&#299;yah,</subfield><subfield code="c">[1900?]</subfield></datafield><datafield ind1=" " ind2=" " tag="300"><subfield code="a">online resource (10 v. in 3)</subfield></datafield><datafield ind1=" " ind2=" " tag="500"><subfield code="a">Part of the Arabic Collections Online (ACO) project, contributed by New York Univeristy Libraries.</subfield></datafield><datafield ind1=" " ind2=" " tag="533"><subfield code="a">Electronic reproduction.</subfield><subfield code="b">New York, N.Y. :</subfield><subfield code="c">New York University,</subfield><subfield code="d">2015.</subfield><subfield code="5">NNU</subfield></datafield><datafield ind1="1" ind2="0" tag="600"><subfield code="a">Zamakhshar&#299;, Ma&#7717;m&#363;d ibn &#699;Umar,</subfield><subfield code="d">1075-1144.</subfield><subfield code="t">Mufa&#7779;&#7779;al f&#299; &#699;ilm al-&#699;Arab&#299;yah.</subfield></datafield><datafield ind1=" " ind2="0" tag="650"><subfield code="a">Arabic language</subfield><subfield code="x">Grammar</subfield><subfield code="v">Early works to 1800.</subfield></datafield><datafield ind1="2" ind2=" " tag="710"><subfield code="a">New York University.</subfield><subfield code="b">Libraries.</subfield></datafield><datafield ind1="0" ind2=" " tag="730"><subfield code="a">Arabic Collections Online.</subfield></datafield><datafield ind1="0" ind2="8" tag="776"><subfield code="i">Print version:</subfield><subfield code="a">Ibn Ya&#699;&#299;sh, Ya&#699;&#299;sh ibn &#699;Al&#299;, 1158-1245 880-01</subfield><subfield code="t">Shar&#7717; al-mufa&#7779;&#7779;al</subfield><subfield code="w">(NNU)002977813</subfield></datafield><datafield ind1="4" ind2="0" tag="856"><subfield code="u">http://hdl.handle.net/2333.1/kwh70v97</subfield></datafield><datafield ind1="1" ind2=" " tag="880"><subfield code="6">100-01/</subfield><subfield code="a">&#1575;&#1576;&#1606; &#1610;&#1593;&#1610;&#1588;&#1548; &#1571;&#1576;&#1608; &#1575;&#1604;&#1576;&#1602;&#1575;&#1569; &#1610;&#1593;&#1610;&#1588; &#1576;&#1606; &#1593;&#1604;&#1610;.</subfield></datafield><datafield ind1="1" ind2="0" tag="880"><subfield code="6">245-02/</subfield><subfield code="a">&#1588;&#1585;&#1581; &#1575;&#1604;&#1605;&#1601;&#1589;&#1604; /</subfield><subfield code="c">&#1604;&#1605;&#1608;&#1601;&#1602; &#1575;&#1604;&#1583;&#1610;&#1606; &#1610;&#1593;&#1610;&#1588; &#1575;&#1576;&#1606; &#1593;&#1604;&#1610; &#1576;&#1606; &#1610;&#1593;&#1610;&#1588; &#1575;&#1604;&#1606;&#1581;&#1608;&#1610; &#1563; &#1593;&#1606;&#1610;&#1578; &#1576;&#1591;&#1576;&#1593;&#1607; &#1608;&#1606;&#1588;&#1585;&#1607; &#1576;&#1575;&#1605;&#1585; &#1575;&#1604;&#1605;&#1588;&#1610;&#1582;&#1577; &#1573;&#1583;&#1575;&#1585;&#1577; &#1575;&#1604;&#1591;&#1576;&#1575;&#1593;&#1577; &#1575;&#1604;&#1605;&#1606;&#1610;&#1585;&#1610;&#1577; &#1563; &#1589;&#1581;&#1581;&#1607; &#1608;&#1593;&#1604;&#1602; &#1593;&#1604;&#1610;&#1607; &#1581;&#1608;&#1575;&#1588;&#1610; &#1606;&#1601;&#1610;&#1587;&#1577; &#1576;&#1593;&#1583; &#1605;&#1585;&#1575;&#1580;&#1593;&#1578;&#1607; &#1593;&#1604;&#1609; &#1575;&#1589;&#1608;&#1604; &#1582;&#1591;&#1610;&#1577; &#1576;&#1605;&#1593;&#1585;&#1601;&#1577; &#1605;&#1588;&#1610;&#1582;&#1577; &#1575;&#1604;&#1575;&#1586;&#1607;&#1585; &#1575;&#1604;&#1605;&#1593;&#1605;&#1608;&#1585;.</subfield></datafield><datafield ind1=" " ind2=" " tag="880"><subfield code="6">260-03/</subfield><subfield code="a">&#1605;&#1589;&#1585; :</subfield><subfield code="b">&#1573;&#1583;&#1575;&#1585;&#1577; &#1575;&#1604;&#1591;&#1576;&#1575;&#1593;&#1577; &#1575;&#1604;&#1605;&#1606;&#1610;&#1585;&#1610;&#1577;&#1548;</subfield><subfield code="c">[1900?]</subfield></datafield><datafield ind1=" " ind2=" " tag="959"><subfield code="a">NNU</subfield><subfield code="b">WEB</subfield><subfield code="c">GENI</subfield><subfield code="t">0</subfield><subfield code="m">Electronic access</subfield><subfield code="s">01</subfield></datafield><datafield ind1=" " ind2=" " tag="999"><subfield code="i">NNU_002977813</subfield><subfield code="o" /></datafield></record>